@article{denk2012structural,
  title={Structural neurobiology: missing link to a mechanistic understanding of neural computation},
  author={Denk, Winfried and Briggman, Kevin L and Helmstaedter, Moritz},
  journal={Nature Reviews Neuroscience},
  volume={13},
  number={5},
  pages={351--358},
  year={2012},
  publisher={Nature Publishing Group}
}

@article{V07O,
  title={How to observe small biological objects in low voltage electron microscope},
  author={Vancova, M and others},
  journal={Microscopy and Microanalysis},
  volume={13},
  number={S03},
  pages={248--249},
  year={2007},
  publisher={Cambridge Univ Press}
}

@article{denk2004serial,
  title = {Serial block-face scanning electron microscopy to reconstruct three-dimensional tissue nanostructure},
  author = {Denk, W. and Horstmann, H.},
  journal = {PLoS biology},
  volume = {2},
  number = {11},
  pages = {e329},
  year = {2004},
  publisher = {Public Library of Science}
}

@article{knott2008serial,
  title = {Serial section scanning electron microscopy of adult brain tissue using focused ion beam milling},
  author = {Knott, G. and Marchman, H. and Wall, D. and Lich, B.},
  journal = {The Journal of Neuroscience},
  volume = {28},
  number = {12},
  pages = {2959--2964},
  year = {2008},
  publisher = {Soc Neuroscience}
}

@article{lichtman2008technicolour,
  title = {A technicolour approach to the connectome},
  author = {Lichtman, J. W. and Livet, J. and Sanes, J. R.},
  journal = {Nature Reviews Neuroscience},
  volume = {9},
  number = {6},
  pages = {417--422},
  year = {2008},
  publisher = {Nature Publishing Group}
}

@article{dani2010new,
  title = {New resolving power for light microscopy: applications to neurobiology},
  author = {Dani, A. and Huang, B.},
  journal = {Current opinion in neurobiology},
  volume = {20},
  number = {5},
  pages = {648--652},
  year = {2010},
  publisher = {Elsevier}
}

@article{denk1990two,
  title = {Two-photon laser scanning fluorescence microscopy},
  author = {Denk, W. and Strickler, J. H. and Webb, W. W. and others},
  journal = {Science},
  volume = {248},
  number = {4951},
  pages = {73--76},
  year = {1990}
}

@misc{MRIRes,
 author = {Matt, Harbowy},
 title = {Radiology: Will MRI technology ever reach the resolution to image individual neurons?},
 url = {https://www.quora.com/Radiology/Will-MRI-technology-ever-reach-the-resolution-to-image-individual-neurons},
 lastchecked = {24.10.2015},
 originalyear = {25.01.2012}
}

@article{Degen03022009,
author = {Degen, C. L. and Poggio, M. and Mamin, H. J. and Rettner, C. T. and Rugar, D.}, 
title = {Nanoscale magnetic resonance imaging},
volume = {106}, 
number = {5}, 
pages = {1313-1317}, 
year = {2009}, 
doi = {10.1073/pnas.0812068106}, 
url = {http://www.pnas.org/content/106/5/1313.abstract}, 
journal = {Proceedings of the National Academy of Sciences} 
}

@article{SynapticDynamicsMarx,
  title = {A deep look at synaptic dynamics},
  author = {Marx,V},
  journal = {Nature},
  volume = {515},
  pages = {293-297},
  url = {http://dx.doi.org/10.1038/515293aL3},
  year = {2014},
  publisher = {Nature Publishing Group}
}

@misc{fMRILec,
  author = {OutreachBCBL},
  title = {fMRI - Functional Magnetic Resonance course},
  year = {2012},
  url = {https://www.youtube.com/watch?v=vGLd-bUwVXg},
  urldate = {2015-10-26}
}

@article{kralj2012optical,
  title = {Optical recording of action potentials in mammalian neurons using a microbial rhodopsin},
  author = {Kralj, J. M. and Douglass, A. D. and Hochbaum, D. R. and Maclaurin, D. and Cohen, A. E.},
  journal = {Nature methods},
  volume = {9},
  number = {1},
  pages = {90--95},
  year = {2012},
  publisher = {Nature Publishing Group}
}

@article{SuperResImagFM,
  title = {Super-resolution Imaging of Neuronal Dense-core Vesicles},
  author = {Scalettar, Bethe A, Shaver, Kaech, Stefanie, Lochner, Janis E.},
  journal = {Jove},
  volume = {89},
  year = {2014},
  publisher = {PubMed}
}

@article{Hell:94, 
author = {Stefan W. Hell and Jan Wichmann}, 
journal = {Opt. Lett.}, 
keywords = {},
number = {11}, 
pages = {780--782}, 
publisher = {OSA},
title = {Breaking the diffraction resolution limit by stimulated emission: stimulated-emission-depletion fluorescence microscopy}, 
volume = {19}, 
month = {Jun},
year = {1994},
url = {http://ol.osa.org/abstract.cfm?URI=ol-19-11-780},
doi = {10.1364/OL.19.000780},
}

@article{schalek2011atum,
  author = {Schalek, R. and Kasthuri, N. and Hayworth, K. and Berger, D. and Tapia, J. and Morgan, J. and Turaga, S. and Fagerholm, E. and Seung, H. and Lichtman, J.},
  title = {Development of High-Throughput, High-Resolution 3D Reconstruction of Large-Volume Biological Tissue Using Automated Tape Collection Ultramicrotomy and Scanning Electron Microscope},
  journal = {Microscopy and Microanalysis},
  volume = {17},
  issue = {Supplement S2},
  month = {jul},
  year = {2011},
  issn = {1435-8115},
  pages = {966--967},
  numpages = {2},
  doi = {10.1017/S1431927611005708},
  url = {http://journals.cambridge.org/article_S1431927611005708}
}

@article{hayworth2014atum,
  author = {Hayworth, K. J. and Morgan, J. L. and Schalek, R.},
  title = {Imaging ATUM ultrathin section libraries with WaferMapper: a multi-scale approach to EM reconstruction of neural circuits},
  journal = {Frontiers in Neural Circuits},
  year = {2014}
}

@article{Livet2007,
  author = {Livet, J. and Weissman, T. A. and Kang, H. and Draft, R. W. and Lu, J. and Bennis, R. A. and Sanes, J. R. and Lichtman, J. W.},
  title = {Transgenic strategies for combinatorial expression of fluorescent proteins in the nervous system},
  journal = {Nature},
  volume = {450},
  number = {7166},
  pages = {56-62},
  year = {2007},
  url = {http://dx.doi.org/10.1038/nature06293}
}

@article{JMI2024,
  author = {Mayerich, D. and Abbott, L. and McCormick, B.},
  title = {Knife-edge scanning microscopy for imaging and reconstruction of three-dimensional anatomical structures of the mouse brain},
  journal = {Journal of Microscopy},
  volume = {231},
  number = {1},
  publisher = {Blackwell Publishing Ltd},
  pages = {134-143},
  year = {2008},
  url = {http://dx.doi.org/10.1111/j.1365-2818.2008.02024.x}
}

@article{Helmstaedter2008,
  title = {3D structural imaging of the brain with photons and electrons},
  journal = {Current Opinion in Neurobiology },
  volume = {18},
  number = {6},
  pages = {633 - 641},
  year = {2008},
  author = {Helmstaedter, M. and Briggman, K. L. and Denk, W.},
  url = {http://www.sciencedirect.com/science/article/pii/S0959438809000130}
}

@article{Knott2011,
  title = {Focussed Ion Beam Milling and Scanning Electron Microscopy of Brain Tissue},
  journal = {J. Vis. Exp.},
  volume = {53},
  number = {},
  pages = {e2588},
  year = {2011},
  author = {Knott, G. and Rosset, S. and Cantoni, M.},
  url = {http://www.ncbi.nlm.nih.gov/pmc/articles/PMC3196160/}
}

@article{kasthuri2015saturated,
  title={Saturated reconstruction of a volume of neocortex},
  author={Kasthuri, Narayanan and Hayworth, Kenneth Jeffrey and Berger, Daniel Raimund and Schalek, Richard Lee and Conchello, Jos{\'e} Angel and Knowles-Barley, Seymour and Lee, Dongil and V{\'a}zquez-Reina, Amelio and Kaynig, Verena and Jones, Thouis Raymond and others},
  journal={Cell},
  volume={162},
  number={3},
  pages={648--661},
  year={2015},
  publisher={Elsevier}
}


 @misc{ Template,
 author = "",
 title = "",
 year = "2015",
 url = "",
 note = {Online; accessed 30-November-2015}
 }
 
  @misc{ eyewire,
  author = "blog.eyewire.org",
  title = "Cell Carpet",
  year = "2015",
  url = "http://blog.eyewire.org/en/",
  note = {Online; accessed 30-November-2015}
  }
  
  @misc{ wiki:brain,
   author = "Wikipedia",
   title = "Evolution of the brain --- Wikipedia{,} The Free Encyclopedia",
   year = "2015",
   url = "https://en.wikipedia.org/w/index.php?title=Evolution_of_the_brain&oldid=687471304",
   note = {Online; accessed 30-November-2015}
   }

@online{MerlinCost,
author = {Technical Sales Solutions},
title = {Zeiss Merlin FEG SEM Cost},
date = {30/11/2015},
url = {http://www.technicalsalessolutions.com/item_description.php?IID=377},
 note = {Online; accessed 30-November-2015}
}

@online{ZeissLec,
author = {Anna Eberie},
title = {Enabling Connectomics with Multi-beam Scanning Electron Microscopy },
date = {30/11/2015},
url = {http://bitesizebio.com/webinar/26142/enabling-connectomics-with-multi-beam-scanning-electron-microscopy-the-worlds-fastest-sem-just-got-even-faster/},
note = {Online; accessed 30-November-2015}
}

@online{ATUMtome,
author = {RMC Boeckeler},
title = {ATUMtome: Automated Tape Collecting Ultramicrotome},
date = {30/11/2015},
url = {http://www.rmcboeckeler.com/ATUMtome/},
note = {Online; accessed 30-November-2015}
}

@online{TissueChopper,
author = {LeicaBioSystems},
title = {Tissue Choppers Manual Digital},
date = {30/11/2015},
url = {http://www.leicabiosystems.com/research/neuroscience/tissue-sectioning/details/product/tissue-choppers/},
note = {Online; accessed 30-November-2015}
}

@article{gleeson2010neuroml,
  title = {NeuroML: a language for describing data driven models of neurons and networks with a high degree of biological detail},
  author = {Gleeson, P. and Crook, S. and Cannon, R. C. and Hines, M. L. and Billings, G. O. and Farinella, M. and Morse, T. M. and Davison, A. P. and Ray, S. and Bhalla, U. S. and others},
  journal = {PLoS computational biology},
  volume = {6},
  number = {6},
  pages = {e1000815},
  year = {2010},
  publisher = {Public Library of Science}
}

@article{kleissaslarge,
  title = {Large-Scale Synapse Detection Using CAJAL3D},
  author = {Kleissas, D. M. and Roncal, W. G. and Manavalan, P. and Vogelstein, J. T. and Bock, D. D. and Burns, R. and Vogelstein, R. J.}
}

@article{cardona2012trakem2,
  title = {TrakEM2 software for neural circuit reconstruction},
  author = {Cardona, A. and Saalfeld, S. and Schindelin, J. and Arganda-Carreras, I. and Preibisch, S. and Longair, M. and Tomancak, P. and Hartenstein, V. and Douglas, R. J.},
  journal = {PloS one},
  volume = {7},
  number = {6},
  pages = {e38011},
  year = {2012},
  publisher = {Public Library of Science}
}

@article{beyer2013connectomeexplorer,
  title = {ConnectomeExplorer: Query-guided visual analysis of large volumetric neuroscience data},
  author = {Beyer, J. and Al-Awami, A. and Kasthuri, N. and Lichtman, J. W. and Pfister, H. and Hadwiger, M.},
  journal = {Visualization and Computer Graphics, IEEE Transactions on},
  volume = {19},
  number = {12},
  pages = {2868--2877},
  year = {2013},
  publisher = {IEEE}
}

@article{mishchenko2009automation,
  title = {Automation of 3D reconstruction of neural tissue from large volume of conventional serial section transmission electron micrographs},
  author = {Mishchenko, Yuriy},
  journal = {Journal of neuroscience methods},
  volume = {176},
  number = {2},
  pages = {276--289},
  year = {2009},
  publisher = {Elsevier}
}

@article{chklovskii2010semi,
  title = {Semi-automated reconstruction of neural circuits using electron microscopy},
  author = {Chklovskii, Dmitri B and Vitaladevuni, Shiv and Scheffer, Louis K},
  journal = {Current opinion in neurobiology},
  volume = {20},
  number = {5},
  pages = {667--675},
  year = {2010},
  publisher = {Elsevier}
}

@article{PerfusionFixationforRodents,
  title = {Whole Animal Perfusion Fixation for Rodents},
  author = {Gregory J. Gage, Daryl R. Kipke, William Shain},
  journal = {Biomedical Engineering, University of Michigan},
  volume = {1},
  number = {16},
  pages = {1-30},
  year = {2010},
  publisher = { J. Vis. Exp.  }
}


@online{Xylazine,
title = {Xylazine},
url = {http://www.medi-vet.com/Xylazine-Injection-p/10517.htm}
}

@online{ketamine,
title = {Ketamine},
url = {http://www.evidence.nhs.uk/formulary/bnf/current/15-anaesthesia/151-general-anaesthesia/1511-intravenous-anaesthetics/drugs-used-for-intravenous-anaesthesia/ketamine}
}

@online{surgeoncost,
title = {Surgeon Cost},
url = {http://www.kevinmd.com/blog/2012/07/surgery-cost-147-minute.html}
}

@online{acrylic,
title = {Acrylic Resin Data Sheet},
url = {https://www.emsdiasum.com/microscopy/technical/datasheet/14660.aspx}
}

@online{TisChop,
author = {Leicabio Systems},
title = {Tissue Chopper Image},
date = {30/11/2015},
url = http://www.leicabiosystems.com/research/neuroscience/tissue-sectioning/details/product/tissue-choppers/},
note = {Online; accessed 30-November-2015}
}

@misc{VF_900,
	author = {Leicabio Systems},
	title = {Tissue Chopper Image},
	date = {30/11/2015},
	url = {http://www.precisionary.com/vf900},
	note = {Online; Accessed 08/04/16}
}

@article{hucka2003systems,
  title={The systems biology markup language (SBML): a medium for representation and exchange of biochemical network models},
  author={Hucka, Michael and Finney, Andrew and Sauro, Herbert M and Bolouri, Hamid and Doyle, John C and Kitano, Hiroaki and Arkin, Adam P and Bornstein, Benjamin J and Bray, Dennis and Cornish-Bowden, Athel and others},
  journal={Bioinformatics},
  volume={19},
  number={4},
  pages={524--531},
  year={2003},
  publisher={Oxford Univ Press}
}

@misc{VF_900_price,
	author = "Jian-Qiang Kong M.D., Ph.D.",
	date = "19-04-2016",
	howpublished = {Personal Communication}
}

@article{McIntyre2015448,
title = "Aldehyde-stabilized cryopreservation ",
journal = "Cryobiology ",
volume = "71",
number = "3",
pages = "448 - 458",
year = "2015",
note = "",
issn = "0011-2240",
doi = "http://dx.doi.org/10.1016/j.cryobiol.2015.09.003",
url = "http://www.sciencedirect.com/science/article/pii/S001122401500245X",
author = {Robert L. McIntyre and Gregory M. Fahy}
}


@article{BROPA,
	Author = {Mikula, Shawn and Denk, Winfried},
	Date = {2015/06//print},
	Date-Added = {2016-05-02 08:45:35 +0000},
	Date-Modified = {2016-05-02 08:45:35 +0000},
	Isbn = {1548-7091},
	Journal = {Nat Meth},
	L3 = {10.1038/nmeth.3361; http://www.nature.com/nmeth/journal/v12/n6/abs/nmeth.3361.html#supplementary-information},
	M3 = {Article},
	Month = {06},
	Number = {6},
	Pages = {541--546},
	Publisher = {Nature Publishing Group, a division of Macmillan Publishers Limited. All Rights Reserved.},
	Title = {High-resolution whole-brain staining for electron microscopic circuit reconstruction},
	Ty = {JOUR},
	Url = {http://dx.doi.org/10.1038/nmeth.3361},
	Volume = {12},
	Year = {2015},
	Bdsk-Url-1 = {http://dx.doi.org/10.1038/nmeth.3361}
	}
	
	@online{dehydrationmethod,
	Title = {Chapter 2: Histochemistry - Introduction},
	Author = { Dr. William H. Heidcamp},
	date = {03/04/2016},
	url = {http://homepages.gac.edu/~cellab/chpts/chpt2/intro2.html},
	note = {Online; accessed 03/04/2016}
}

@online{Unicryl	,
	Title = {A Universal Resin for Light and Electron Microscopy},
	Author = {UNICRYLl},
	date = {04/04/2016},
	url = {https://www.emsdiasum.com/microscopy/technical/datasheet/14660.aspx},
		note = {Online; accessed 04/04/2016}
}

@online{lynxII,
	Title = {LYNX II Automated Tissue Processor for Histology and Microscopy},
	Author = {Electron Mircroscopy sciences},
	date = {02/05/2016},
	url = {https://www.emsdiasum.com/microscopy/products/equipment/tissue_processor.aspx},
	note = {Online; accessed 02/05/2016}
}

@misc{ZeissPres,
	author = {Anna Lena Eberle},
	title = {Enabling Connectomics with Multi-beam Scanning Electron Microscopy – The World’s Fastest SEM Just Got Even Faster},
	url = {bitesizebio.com/webinar/26142/enabling-connectomics-with-multi-beam-scanning-electron-microscopy-the-worlds-fastest-sem-just-got-even-faster/},
	lastchecked = {01.04.2016},
}

@misc{ZeissMulti,
	author = {Zeiss},
	title = {ZEISS MultiSEM Research Partner Program},
	url = {http://applications.zeiss.com/C125792900358A3F/0/E22B336878B463FCC1257EDC004FFFF1/$FILE/EN_41_011_078_MultiSEM_rel2-1.pdf},
	lastchecked = {31.03.2016},
}




@misc{ZeissAxio,
	author = {Zeiss},
	title = {ZEISS Axio ImagerA2 Vario},
	url = {http://www.massetrecovery.com/pictures13/zeisspl.pdf},
	lastchecked = {31.03.2016},
}

@misc{RoboArm,
	author = {Global Robots},
	title = {Robotic Arm Pricings},
	url = {http://www.globalrobots.com/},
	lastchecked = {31.03.2016},
}

@misc{WaferPrice,
	author = {University Wafer},
	title = {Silicon Wafer Pricings},
	url = {https://order.universitywafer.com/default.aspx?cat=Silicon},
	lastchecked = {31.03.2016},
}




